@article{relational,
	author = {Yang, Hongseok},
	title = {Relational Separation Logic},
	journal = {Theor. Comput. Sci.},
	issue_date = {April, 2007},
	volume = {375},
	number = {1-3},
	month = apr,
	year = {2007},
	issn = {0304-3975},
	pages = {308--334},
	numpages = {27},
	url = {http://dx.doi.org/10.1016/j.tcs.2006.12.036},
	doi = {10.1016/j.tcs.2006.12.036},
	acmid = {1236122},
	publisher = {Elsevier Science Publishers Ltd.},
	address = {Essex, UK},
	keywords = {Program verification, Relational reasoning, Schorr---Waite graph marking algorithm, Separation logic},
} 

@inproceedings{primer,
	title={A Primer on Separation Logic (and Automatic Program Verification and Analysis)},
	author={Peter W. O'Hearn},
	booktitle={Software Safety and Security},
	year={2012}
}

@misc{maudeprimer,
	title={Maude 2.0 Primer},
	author={Theodore McCombs},
	month={August},
	year={2003}
}

@manual{manual,
	title={Maude Manual (Version 2.7.1)},
	month={July},
	author={Manuel Clavel and Francisco Duran and Steven Eker and Santiago Escobar and Patrick Lincoln, Narciso and Marti-Olietand Jose Meseguer and Carolyn Talcott},
	year={2016}
}

@INPROCEEDINGS{SeparationLogic, 
	author={J. C. Reynolds}, 
	booktitle={Proceedings 17th Annual IEEE Symposium on Logic in Computer Science}, 
	title={Separation logic: a logic for shared mutable data structures}, 
	year={2002}, 
	volume={}, 
	number={}, 
	pages={55-74}, 
	keywords={computational complexity;data structures;formal logic;Hoare logic;address arithmetic;heap;imperative programming language;low-level imperative programs;program logic;reasoning;recursive procedures;separation logic;shared mutable data structures;Arithmetic;Artificial intelligence;Bibliographies;Computer languages;Computer science;Data structures;Logic arrays;Logic programming;Programmable logic arrays;Reflection}, 
	doi={10.1109/LICS.2002.1029817}, 
	ISSN={1043-6871}, 
	month={},}


@article{JAVAITP,
	title = "Java+ITP: A Verification Tool Based on Hoare Logic and Algebraic Semantics",
	journal = "Electronic Notes in Theoretical Computer Science",
	volume = "176",
	number = "4",
	pages = "29 - 46",
	year = "2007",
	note = "Proceedings of the 6th International Workshop on Rewriting Logic and its Applications (WRLA 2006)",
	issn = "1571-0661",
	doi = "https://doi.org/10.1016/j.entcs.2007.06.006",
	url = "http://www.sciencedirect.com/science/article/pii/S1571066107005117",
	author = "Ralf Sasse and José Meseguer",
	keywords = "algebraic semantics, Hoare logic, program verification, Java"
}

@article{REWRITING,
	title = "A rewriting logic approach to operational semantics",
	journal = "Information and Computation",
	volume = "207",
	number = "2",
	pages = "305 - 340",
	year = "2009",
	note = "Special issue on Structural Operational Semantics (SOS)",
	issn = "0890-5401",
	doi = "https://doi.org/10.1016/j.ic.2008.03.026",
	url = "http://www.sciencedirect.com/science/article/pii/S0890540108001302",
	author = "Traian Florin Şerbănuţă and Grigore Roşu and José Meseguer",
	keywords = "Operational semantics, Rewriting logic, Rewriting logic semantics"
}

@article{rewrConcurrency,
	title = "Conditional rewriting logic as a unified model of concurrency",
	journal = "Theoretical Computer Science",
	volume = "96",
	number = "1",
	pages = "73 - 155",
	year = "1992",
	issn = "0304-3975",
	doi = "https://doi.org/10.1016/0304-3975(92)90182-F",
	url = "http://www.sciencedirect.com/science/article/pii/030439759290182F",
	author = "José Meseguer"
}

@inproceedings{cyclist,
	title={A generic cyclic theorem prover},
	author={Brotherston, James and Gorogiannis, Nikos and Petersen, Rasmus L},
	booktitle={Asian Symposium on Programming Languages and Systems},
	pages={350--367},
	year={2012},
	organization={Springer}
}
